//myown__________________________________

@article{TAV38-papier,
  author = {Brandes, Christian and Eberhardinger, Benedikt and Farag{\'o}, David and Friske, Mario and G\"{u}ldali, Baris and Pietschker, Andrej},
  title = {{Drei Methoden, ein Ziel: Testautomatisierung mit BDD, MBT und KDT im Vergleich}},
  journal = {38. Treffen der GI-Fachgruppe Test, Analyse \& Verifikation von Software (TAV), Softwaretechnik-Trends},
  year = 2015
}

@misc{DF25,
  author  = {Farag\'{o}, David},
  title   = {{\href{https://www.linkedin.com/pulse/vise-coding-david-farago-1k5ce/}{Vise Coding}}},
  note    = {LinkedIn Pulse article},
  year    = {2025},
  month   = {March},
  url     = {https://www.linkedin.com/pulse/vise-coding-david-farago-1k5ce/},
  urldate = {2025-08-17}
}

// News_________________________________

@misc{BN25,
  author = {Nolan, Beatrice},
  title = {{\href{https://fortune.com/2025/07/23/ai-coding-tool-replit-wiped-database-called-it-a-catastrophic-failure/}{An AI-powered coding tool wiped out a software company’s database, then apologized for a ‘catastrophic failure on my part’}}},
  note = {Fortune}, 
  year = {2025},
  month = {July},
  url = {https://fortune.com/2025/07/23/ai-coding-tool-replit-wiped-database-called-it-a-catastrophic-failure/},
  urldate = {2025-08-20}
}

@misc{FJ24,
  author = {Jackson, Fiona},
  title = {{\href{https://www.techrepublic.com/article/ai-generated-code-outages/}{AI-Generated Code is Causing Outages and Security Issues in Businesses}}},
  note = {TechRepublic},
  year = {2024},
  month = {September},
  url = {https://www.techrepublic.com/article/ai-generated-code-outages/},
  urldate = {2025-08-17}
}

@misc{JL23,
  author = {Lanz, Jose Antonio},
  title = {{\href{https://decrypt.co/147191/no-human-programmers-five-years-ai-stability-ceo}{Stability AI CEO: There Will Be No (Human) Programmers in Five Years}}},
  note = {Emerge article},
  year = {2023},
  month = {July},
  url = {https://decrypt.co/147191/no-human-programmers-five-years-ai-stability-ceo},
  urldate = {2025-08-17}
}

@misc{CV23,
  author = {Chris Vallance},
  title = {{\href{https://www.bbc.com/news/technology-65102150}{AI could replace equivalent of 300 million jobs}}},
  note = {BBC},
  year = {2023},
  month = {March},
  url = {https://www.bbc.com/news/technology-65102150},
  urldate = {2025-08-17}
}

@misc{KT25,
  author = {Kwan Wei Kevin Tan},
  title = {{\href{https://www.businessinsider.com/anthropic-ceo-ai-90-percent-code-3-to-6-months-2025-3}{Anthropic's CEO says that in 3 to 6 months, AI will be writing 90\% of the code software developers were in charge of}}},
  note = {Business Insider},
  year = {2025},
  month = {March},
  url = {https://www.businessinsider.com/anthropic-ceo-ai-90-percent-code-3-to-6-months-2025-3},
  urldate = {2025-08-17}
}

@misc{RJ25,
  author = {Rachyl Jones},
  title = {{\href{https://www.semafor.com/article/05/21/2025/ai-coding-startup-replit-ceo-amjad-masad-says-companies-soon-wont-need-software-developers}{AI coding startup Replit CEO says companies soon won't need software developers}}},
  note = {Semafor},
  year = {2025},
  month = {May},
  url = {https://www.semafor.com/article/05/21/2025/ai-coding-startup-replit-ceo-amjad-masad-says-companies-soon-wont-need-software-developers},
  urldate = {2025-08-17}
}

@misc{ET25,
  author = {The Express Tribune},
  title = {{\href{https://tribune.com.pk/story/2521499/zuckerberg-announces-meta-plans-to-replace-mid-level-engineers-with-ais-this-year}{Zuckerberg announces Meta plans to replace mid-level engineers with AIs this year}}},
  note = {},
  year = {2025},
  month = {},
  url = {https://tribune.com.pk/story/2521499/zuckerberg-announces-meta-plans-to-replace-mid-level-engineers-with-ais-this-year},
  urldate = {2025-08-17}
}

@misc{RA24,
  author = {Riya R Alex},
  title = {{\href{https://www.livemint.com/companies/over-25-of-google-software-is-written-by-ai-google-ceo-sundar-pichai-says-is-it-threat-to-engineers-11730293119886.html}{Over 25\% of Google software is written by AI, says CEO Sundar Pichai. Is it a threat to engineers?}}},
  note = {mint},
  year = {2024},
  month = {October},
  url = {https://www.livemint.com/companies/over-25-of-google-software-is-written-by-ai-google-ceo-sundar-pichai-says-is-it-threat-to-engineers-11730293119886.html},
  urldate = {2025-08-17}
}

@misc{MZ25,
  author = {Maxwell Zeff},
  title = {{\href{https://techcrunch.com/2025/04/29/microsoft-ceo-says-up-to-30-of-the-companys-code-was-written-by-ai/}{Microsoft CEO says up to 30\% of the company’s code was written by AI}}},
  note = {TechCrunch},
  year = {2025},
  month = {April},
  url = {https://techcrunch.com/2025/04/29/microsoft-ceo-says-up-to-30-of-the-companys-code-was-written-by-ai/},
  urldate = {2025-08-17}
}


@misc{MG25,
  author = {Matthew Griffin},
  title = {\href{https://www.fanaticalfuturist.com/2025/05/microsoft-cto-says-95pc-of-the-companys-code-will-be-ai-generated-by-2030/}{Microsoft CTO says 95\% of the companys code will be AI generated by 2030}}},
  note = {FanaticalFuturist},
  year = {2025},
  month = {May},
  url = {https://www.fanaticalfuturist.com/2025/05/microsoft-cto-says-95pc-of-the-companys-code-will-be-ai-generated-by-2030/},
  urldate = {2025-08-17}
}



@misc{IM25,
  author = {Ivan Mehta},
  title = {{\href{https://techcrunch.com/2025/03/06/a-quarter-of-startups-in-ycs-current-cohort-have-codebases-that-are-almost-entirely-ai-generated/}{A quarter of startups in YC’s current cohort have codebases that are almost entirely AI-generated}}},
  note = {TechCrunch},
  year = {2025},
  month = {March},
  url = {https://techcrunch.com/2025/03/06/a-quarter-of-startups-in-ycs-current-cohort-have-codebases-that-are-almost-entirely-ai-generated/},
  urldate = {2025-08-17}
}


// Articles_____

@article{FD23,
  title={{Navigating the jagged technological frontier: Field experimental evidence of the effects of AI on knowledge worker productivity and quality}},
  author={Fabrizio Dell'Acqua et al.},
  number={24-013},
  year={2023}
}
%  journal={Harvard Business School Technology \& Operations Mgt. Unit Working Paper},

@inproceedings{SL24,
  title={{Assessing The Performance of AI-generated Code: A case Study on Github Copilot}},
  author={Shuang Li et al.},
  booktitle={2024 IEEE 35th International Symposium on Software Reliability Engineering (ISSRE)},
  year={2024},
  organization={IEEE}
}

@article{HP25,
  title={{Asleep at the keyboard? Assessing the security of Github Copilot’s code contributions}},
  author={Hammond Pearce et al.},
  journal={Communications of the ACM},
  volume={68},
  number={2},
  pages={96--105},
  year={2025},
  publisher={ACM New York, NY, USA}
}

@article{Liu24,
  title={{Refining chatgpt-generated code: Characterizing and mitigating code quality issues}},
  author={Yue Liu et al.},
  journal={ACM Transactions on Software Engineering and Methodology},
  volume={33},
  number={5},
  pages={1--26},
  year={2024},
  publisher={ACM New York, NY}
}

@article{KH25,
  title={{\href{https://research.trychroma.com/context-rot}{Context Rot: How Increasing Input Tokens Impacts LLM Performance}}},
  author={Hongand, Kelly and Troynikov, Anton and Huber, Jeff},
  year={2025},
  url={https://research.trychroma.com/context-rot}
}


@article{RS25,
  title={{Vibe Coding vs. Agentic Coding: Fundamentals And Practical Implications of Agentic AI}},
  author={Ranjan Sapkota et al.},
  journal={arXiv preprint arXiv:2505.19443},
  year={2025}
}

@article{MH25,
  title={{Context Engineering for Multi-Agent LLM Code Assistants Using Elicit, NotebookLM, ChatGPT, and Claude Code}},
  author={Haseeb, Muhammad},
  journal={arXiv preprint arXiv:2508.08322},
  year={2025}
}

@article{PS25,
  title={{The Illusion of Thinking: Understanding The Strengths And Limitations of Reasoning Models via The Lens of Problem Complexity}},
  author={Parshin Shojaee et al.},
  journal={arXiv preprint arXiv:2506.06941},
  year={2025}
}

@article{PL25,
  title={{LLMs Get Lost in Multi-Turn Conversation}},
  author={Philippe Laban et al.},
  year={2025}
}
%  journal={arXiv preprint arXiv:2505.06120},

@article{peng23,
  title={{The Impact of AI on Developer Productivity: Evidence from Github Copilot}},
  author={Sida Peng et al.},
  journal={arXiv preprint arXiv:2302.06590},
  year={2023}
}

@article{TW24,
  title={{Significant productivity gains through programming with large language models}},
  author={Thomas Weber et al.},
  journal={Proceedings of the ACM on Human-Computer Interaction},
  volume={8},
  number={EICS},
  pages={1--29},
  year={2024},
  publisher={ACM New York, NY, USA}
}

@article{KC24,
  title={{\href{https://doi.org/10.21428/e4baedd9.3ad85f1c}{The Productivity Effects of Generative AI: Evidence from a Field Experiment with GitHub Copilot}}},
  author={Kevin Zheyuan Cui et al.},
  year={2024},
  month={March},
  publisher={MIT},
  url={https://doi.org/10.21428/e4baedd9.3ad85f1c}
}

@article{DORA25,
  title={{\href{https://services.google.com/fh/files/misc/dora-impact-of-generative-ai-in-software-development.pdf}{DORA -- Impact of Generative AI in Software Development}}},
  author={Derek Debellis et al.},
  year={2025},
  url={https://services.google.com/fh/files/misc/dora-impact-of-generative-ai-in-software-development.pdf}
}

@article{JB25,
  title={{Measuring the Impact of Early-2025 AI on Experienced Open-Source Developer Productivity}},
  author={Joel Becker et al.},
  journal={arXiv:2507.09089},
  year={2025}
}
%  journal={arXiv preprint arXiv:2507.09089},

@article{WH25,
  title={{\href{https://www.gitclear.com/ai_assistant_code_quality_2025_research}{AI Copilot Code Quality}}},
  author={William Harding},
  year={2025},
  url={https://www.gitclear.com/ai_assistant_code_quality_2025_research}
}

// Websites ____________________


@Misc{URL:mcp,
 key={modelcontextprotocol},
 title={{\href{https://modelcontextprotocol.io/}{Model Context Protocol}}},
 url={https://modelcontextprotocol.io/},
 howpublished={web page},
 year={2025},
 note={Accessed: Aug 2025},
}

@Misc{URL:pragmaticcoders,
 key={pragmaticcoders},
 title={{\href{https://www.pragmaticcoders.com/services/ai-software-development-services/vibe-coding-rescue}{Pragmatic Coders - Vibe Coding Rescue Services}}},
 url={https://www.pragmaticcoders.com/services/ai-software-development-services/vibe-coding-rescue},
 howpublished={web page},
 year={2025},
 note={Accessed: Aug 2025},
}

@Misc{URL:payasyoucode,
 key={payasyoucode},
 title={{\href{https://www.payasyoucode.ai/}{Pay as You Code - AI-Generated Code Fixed by Experts}}},
 url={https://www.payasyoucode.ai/},
 howpublished={web page},
 year={2025},
 note={Accessed: Aug 2025},
}

@Misc{URL:SECVAIB,
 key={SECVAIB},
 title={{\href{https://www.secvaib.com/}{Dodge the Risks of Vibecoding - Secure \& Safe}}},
 url={https://www.secvaib.com/},
 howpublished={web page},
 year={2025},
 note={Accessed: Aug 2025},
}


@Misc{URL:ViseWikipediaDe,
 key={WikipediaVibeCoding},
 title={{\href{https://de.wikipedia.org/wiki/Vibe_Coding}{German Wikipedia Article about Vibe Coding}}},
 url={https://de.wikipedia.org/wiki/Vibe_Coding},
 howpublished={web page},
 year={2025},
 note={Accessed: Aug 2025},
}

@Misc{AK25,
 author={Andrej Karpathy},
 title={{\href{https://x.com/karpathy/status/1886192184808149383?lang=de}{Vibe Coding}}},
 url={https://x.com/karpathy/status/1886192184808149383?lang=de},
 howpublished={web page},
 year={2025},
 note={Accessed: Aug 2025},
}

@Misc{CW25,
  author={Carole Winqwist},
 title={\href{https://blog.gitguardian.com/yes-github-copilot-can-leak-secrets/}{Yes, GitHub's Copilot can Leak (Real) Secrets}}},
 url={https://blog.gitguardian.com/yes-github-copilot-can-leak-secrets/},
 howpublished={web page},
 year={2025},
 note={Accessed: Aug 2025},
}

@Misc{AK25b,
  author={Andrej Karpathy},
 title={{\href{https://karpathy.bearblog.dev/vibe-coding-menugen/}{Vibe coding MenuGen}}},
 url={https://karpathy.bearblog.dev/vibe-coding-menugen/},
 howpublished={web page},
 year={2025},
 note={Accessed: Aug 2025},
}

@Misc{AK25c,
  author={Andrej Karpathy},
 title={{\href{https://www.youtube.com/watch?v=LCEmiRjPEtQ}{Andrej Karpathy: Software Is Changing (Again)}}},
 url={https://www.youtube.com/watch?v=LCEmiRjPEtQ},
 howpublished={web page},
 year={2025},
 note={Accessed: Aug 2025},
}

@Misc{AO25,
 author={Orosz, Gergely and Osmani, Addy},
 title={{\href{https://newsletter.pragmaticengineer.com/p/how-ai-will-change-software-engineering?hide_intro_popup=true}{How AI-assisted coding will change software engineering: hard truth}}},
 url={https://newsletter.pragmaticengineer.com/p/how-ai-will-change-software-engineering?hide_intro_popup=true},
 howpublished={web page},
 year={2025},
 note={Accessed: Aug 2025},
}

